% Encoding: UTF-8
% phdthesis条目为博士论文。不可少域author,title,school,year.可省略域type,address,month,note.
@phdthesis{徐媛媛2003嵌入式实时操作系统的设备驱动,
  title={嵌入式实时操作系统的设备驱动},
  author={徐媛媛},
  school={华中科技大学},
  year={2003},
}

% mastersthesis条目为硕士论文。不可少域author,title,school,year.可省略域type,address,month,note.

% proceedings条目为会议论文集。不可少域title,year.可省略域editor,volume或number,series,address,month,organization,publisher,note.

% inproceedings条目为会议论文集中的一篇文章。不可少域author, title, booktitle, year. 可省略域editor, volume或number,series,pages,address,month,organization,publisher,note.
@inproceedings{Renard20081003,
  title={1003.1-2008 - IEEE Standard for Information Technology- Portable Operating System Interface (POSIX) Base Specifications, Issue 7},
  author={Renard, K. G and Nichols, M. H and Woolhiser, D. A and Osborn, H. B},
  pages={c1-3826},
  year={2008},
}

@inproceedings{Wu2008Implementation,
  title={Implementation of IPTV STB Network Driver and Protocol for VxWorks Embedded System},
  author={Wu, Yurong and Wang, Congling and Cai, Jin},
  booktitle={International Symposium on Test Automation & Instrumentation},
  year={2008},
}

@inproceedings{Zhang2010Design,
  title={Design and implementation of control system software based on VxWorks multi-tasks},
  author={Zhang, Zhen and Li, Yan and Zhang, Zhen},
  booktitle={International Conference on Advanced Computer Theory and Engineering},
  pages={V2-285 - V2-288},
  year={2010},
}


% article条目为期刊或杂志上的一篇文章。不可少域author, title, journal, year.可省略域volume, number, pages, month, note.

@article{Yi2006Implementation,
  title={Implementation of 100Mbps Ethernet based on VxWorks in embedded system},
  author={Yi-Hua, F. U. and Mei, Shun Liang},
  journal={Journal of Computer Applications},
  volume={26},
  number={9},
  pages={2190-2191},
  year={2006},
}


@article{肖竟华2003嵌入式实时操作系统,
  title={嵌入式实时操作系统VxWorks设备驱动程序设计与实现},
  author={肖竟华 and 邱奕敏},
  journal={电脑与信息技术},
  number={5},
  pages={28-30},
  year={2003},
}


@article{李立志2003实时操作系统,
  title={实时操作系统VxWorks设备驱动程序的编写},
  author={李立志 and 张朝阳 and 陈文正},
  journal={计算机工程},
  volume={29},
  number={4},
  pages={182-184},
  year={2003},
}

@article{aSurveyOfRTOS,
  title={A Survey of Real-Time Operating Systems -- Draft},
  author={Ghosh, Kaushik and Mukherjee, Bodhisattwa and Schwan, Karsten},
  journal={Georgia Institute of Technology},
  year={1993},
}

@article{USB与RS232接口转换器的设计,
  title={USB与RS232接口转换器的设计},
  author={何源 and 顾金良},
  journal={指挥控制与仿真},
  volume={28},
  number={5},
  pages={114-117},
  year={2006},
}

@article{VxWorks嵌入式实时操作系统的结构研究,
  title={VxWorks嵌入式实时操作系统的结构研究},
  author={马超 and 尹长青},
  journal={电脑知识与技术:学术交流},
  number={1},
  pages={133-134},
  year={2006},
}

@article{串口调试,
  title={基于虚拟串口和串口调试工具的串口编程调试系统设计},
  author={晋成凤 and 晋成龙},
  year={2010},
}

@article{XU2006Design,
  title={Design and Implementation of CAN Driver Based on Real-Time Operation System VxWorks},
  author={XU Meirong and CAI Ming and DONG Jinxiang },
  journal={Computer Application and Rearch},
  volume={23},
  number={5},
  pages={185-188},
  year={2006},
}


@article{史小斌2003VxWorks,
  title={VxWorks串行设备驱动模式及其实现},
  author={史小斌 and 孙献璞 and 张艳玲},
  journal={现代电子技术},
  number={10},
  pages={72-74},
  year={2003},
}

% book条目为有确定出版社的书籍。不可少域author或editor, title, publisher, year.可省略域volume或number, series,address, edition, month, note.





@book{基于VxWorks的嵌入式实时系统设计,
  title={基于VxWorks的嵌入式实时系统设计},
  author={王金刚},
  publisher={清华大学出版社},
  year={2004},
}

@book{嵌入式实时操作系统VxWorks及其开发环境Tornado,
  title={嵌入式实时操作系统VxWorks及其开发环境Tornado},
  author={孔祥营},
  publisher={中国电力出版社},
  year={2002},
}


@book{Wind2003VxWorks,
  title={VxWorks Programmer Guide},
  author={Wind River System},
  publisher={Inc},
  year={2003},
}

@book{USBdeveloperkitProgrammerGuide,
  title={USB Developer's Kit Programmer's Guide 1.1.2},
  author={Wind River System},
  publisher={Inc},
  year={2003},
}

@book{TronadoBSP,
  title={Tronado BSP Training Workshop},
  author={Wind River System},
  publisher={Inc},
  year={1999},
}

@book{Tronado,
  title={Tronado Device Driver Workshop},
  author={Wind River System},
  publisher={Inc},
  year={1999},
}

@book{BSP开发人员指南,
  title={VxWorks BSP Developer Guide},
  author={Wind River System},
  publisher={Inc},
  year={2004},
}

@book{VxWorksDriverAPI,
  title={VxWorks Driver API Reference 5.5},
  author={Wind River System},
  publisher={Inc},
  year={2002},
}


@book{VxWorks网络程序员指南,
  title={VxWorks Network Programmer's Guide 5.4},
  author={Wind River System},
  publisher={Inc},
  year={2003},
}


@book{USB大全,
  title={USB大全},
  author={Jan Axelson，陈逸},
  publisher={中国电力出版社},
  year={2001},
}

@book{USB2.0硬件设计,
  title={USB 2.0硬件设计},
  author={萧世文 and 宋延清},
  publisher={清华大学出版社},
  year={2006},
}

@book{圈圈教你玩USB,
  title={圈圈教你玩USB},
  author={刘荣},
  publisher={北京航空航天大学出版社},
  year={2009},
}

@book{罗国庆2003VxWorks,
  title={VxWorks与嵌入式软件开发},
  author={罗国庆},
  publisher={机械工业出版社},
  year={2003},
}

@book{USB总线接口开发指南,
  title={USB总线接口开发指南},
  author={张念淮，江浩},
  publisher={国防工业出版社},
  year={2001},
}

@book{李肇庆2004串行端口技术,
  title={串行端口技术},
  author={李肇庆 and 韩涛},
  publisher={国防工业出版社},
  year={2004},
}

@book{曹桂平2011VxWorks,
  title={VxWorks设备驱动开发详解},
  author={曹桂平},
  publisher={电子工业出版社},
  year={2011},
}

% misc条目为不属于其它任何类型的作品。不可少域没有。可省略域author, title, howpublished, month, 
@misc{CP2102,
    author = "Silicon Labs",
    title = "CP2102 SINGLE-CHIP USB to UART BRIDGE",
    publisher = "silicon labs",
    year = {2007},
	pages={1-15}
};



@Comment{jabref-meta: databaseType:bibtex;}